
@inproceedings{kuhlenkamp_benchmarking_2020,
	location = {Brno Czech Republic},
	title = {Benchmarking elasticity of {FaaS} platforms as a foundation for objective-driven design of serverless applications},
	doi = {10.1145/3341105.3373948},
	pages = {1576--1585},
	booktitle = {Proceedings of the 35th Annual {ACM} Symposium on Applied Computing},
	publisher = {{ACM}},
	author = {Kuhlenkamp, Jörn and Werner, Sebastian and Borges, Maria C. and Ernst, Dominik and Wenzel, Daniel},
	date = {2020-03-30},
	langid = {english},
}

@inproceedings{kuhlenkamp_evaluation_2019,
	location = {Auckland New Zealand},
	title = {An Evaluation of {FaaS} Platforms as a Foundation for Serverless Big Data Processing},
	doi = {10.1145/3344341.3368796},
	eventtitle = {{UCC} '19: {IEEE}/{ACM} 12th International Conference on Utility and Cloud Computing},
	pages = {1--9},
	booktitle = {Proceedings of the 12th {IEEE}/{ACM} International Conference on Utility and Cloud Computing},
	publisher = {{ACM}},
	author = {Kuhlenkamp, Jörn and Werner, Sebastian and Borges, Maria C. and El Tal, Karim and Tai, Stefan},
	date = {2019-12-02},
	langid = {english},
}

@inproceedings{kuhlenkamp_benchmarking_2018,
	title = {Benchmarking {FaaS} Platforms: Call for Community Participation},
	doi = {10.1109/UCC-Companion.2018.00055},
	eventtitle = {2018 {IEEE}/{ACM} International Conference on Utility and Cloud Computing Companion ({UCC} Companion)},
	pages = {189--194},
	booktitle = {2018 {IEEE}/{ACM} International Conference on Utility and Cloud Computing Companion ({UCC} Companion)},
	author = {Kuhlenkamp, Jörn and Werner, Sebastian},
	date = {2018-12},
}

@inproceedings{malawski_benchmarking_2018,
	location = {Cham},
	title = {Benchmarking Heterogeneous Cloud Functions},
	doi = {10.1007/978-3-319-75178-8_34},
	series = {Lecture Notes in Computer Science},
	pages = {415--426},
	booktitle = {Euro-Par 2017: Parallel Processing Workshops},
	publisher = {Springer International Publishing},
	author = {Malawski, Maciej and Figiela, Kamil and Gajek, Adam and Zima, Adam},
	date = {2018},
	langid = {english},
}

@inproceedings{van_eyk_beyond_2020,
	location = {New York, {NY}, {USA}},
	title = {Beyond Microbenchmarks: The {SPEC}-{RG} Vision for a Comprehensive Serverless Benchmark},
	doi = {10.1145/3375555.3384381},
	series = {{ICPE} '20},
	pages = {26--31},
	booktitle = {Companion of the {ACM}/{SPEC} International Conference on Performance Engineering},
	publisher = {Association for Computing Machinery},
	author = {van Eyk, Erwin and Scheuner, Joel and Eismann, Simon and Abad, Cristina L. and Iosup, Alexandru},
	date = {2020-04-20},
}

@article{cristian_probabilistic_1989,
	title = {Probabilistic clock synchronization},
	volume = {3},
	doi = {10.1007/BF01784024},
	pages = {146--158},
	number = {3},
	journaltitle = {Distributed Computing},
	author = {Cristian, Flaviu},
	date = {1989-09-01},
	langid = {english},
}

@inproceedings{pfandzelter_tinyfaas_2020,
	title = {{tinyFaaS}: A Lightweight {FaaS} Platform for Edge Environments},
	doi = {10.1109/ICFC49376.2020.00011},
	shorttitle = {{tinyFaaS}},
	pages = {17--24},
	booktitle = {2020 {IEEE} International Conference on Fog Computing ({ICFC})},
	author = {Pfandzelter, Tobias and Bermbach, David},
	date = {2020-04},
}
